<?xml version="1.0" encoding="UTF-8"?>
<!DOCTYPE html PUBLIC "-//W3C//DTD XHTML 1.0 Transitional//EN"
    "http://www.w3.org/TR/xhtml1/DTD/xhtml1-transitional.dtd">
<html xmlns="http://www.w3.org/1999/xhtml" xml:lang="en" lang="en">
 <head>
  <title>
</title>
<meta http-equiv="Content-Type" content="text/html;charset=utf-8" />
  <meta name='ocr-system' content='tesseract 3.04.00' />
  <meta name='ocr-capabilities' content='ocr_page ocr_carea ocr_par ocr_line ocrx_word'/>
</head>
<body>
  <div class='ocr_page' id='page_1' title='image "4737979_0013.png"; bbox 0 0 2048 2552; ppageno 0'>
   <div class='ocr_carea' id='block_1_1' title="bbox 1616 218 1638 255">
    <p class='ocr_par' dir='ltr' id='par_1_1' title="bbox 1616 218 1638 255">
     <span class='ocr_line' id='line_1_1' title="bbox 1616 218 1638 255; baseline 0 0"><span class='ocrx_word' id='word_1_1' title='bbox 1616 218 1638 255; x_wconf 88' lang='grc'><em>7</em></span> 
     </span>
    </p>
   </div>
   <div class='ocr_carea' id='block_1_2' title="bbox 176 314 1665 875">
    <p class='ocr_par' dir='ltr' id='par_1_2' title="bbox 176 314 1665 875">
     <span class='ocr_line' id='line_1_2' title="bbox 181 314 1635 374; baseline -0.006 -11"><span class='ocrx_word' id='word_1_2' title='bbox 181 333 267 363; x_wconf 82' lang='lat' dir='ltr'><strong>erat</strong></span> <span class='ocrx_word' id='word_1_3' title='bbox 281 318 593 374; x_wconf 82' lang='lat' dir='ltr'>aequinoctium</span> <span class='ocrx_word' id='word_1_4' title='bbox 614 332 784 360; x_wconf 86' lang='lat' dir='ltr'><strong>vernum</strong></span> <span class='ocrx_word' id='word_1_5' title='bbox 804 318 842 359; x_wconf 84' lang='lat' dir='ltr'><strong>d.</strong></span> <span class='ocrx_word' id='word_1_6' title='bbox 854 320 915 360; x_wconf 82' lang='lat'><strong>25</strong></span> <span class='ocrx_word' id='word_1_7' title='bbox 939 320 1064 359; x_wconf 81' lang='lat' dir='ltr'><strong>Mart.</strong></span> <span class='ocrx_word' id='word_1_8' title='bbox 1091 330 1213 358; x_wconf 86' lang='lat' dir='ltr'><strong>mane</strong></span> <span class='ocrx_word' id='word_1_9' title='bbox 1244 319 1332 357; x_wconf 88' lang='lat' dir='ltr'><strong>hor.</strong></span> <span class='ocrx_word' id='word_1_10' title='bbox 1365 330 1412 355; x_wconf 89' lang='grc' dir='ltr'><strong>ι·</strong></span> <span class='ocrx_word' id='word_1_11' title='bbox 1399 345 1411 362; x_wconf 93' lang='grc'><em>,</em></span> <span class='ocrx_word' id='word_1_12' title='bbox 1454 314 1635 357; x_wconf 73' lang='lat' dir='ltr'><strong>petavius</strong></span> 
     </span>
     <span class='ocr_line' id='line_1_3' title="bbox 181 372 1634 435; baseline -0.006 -17"><span class='ocrx_word' id='word_1_13' title='bbox 181 379 231 419; x_wconf 83' lang='lat' dir='ltr'><strong>ad</strong></span> <span class='ocrx_word' id='word_1_14' title='bbox 248 392 404 417; x_wconf 83' lang='lat' dir='ltr'><strong>annum</strong></span> <span class='ocrx_word' id='word_1_15' title='bbox 423 377 603 431; x_wconf 86' lang='lat' dir='ltr'><strong>primum</strong></span> <span class='ocrx_word' id='word_1_16' title='bbox 619 376 831 421; x_wconf 75' lang='lat' dir='ltr'><strong>julianum</strong></span> <span class='ocrx_word' id='word_1_17' title='bbox 849 377 940 427; x_wconf 80' lang='grc'><strong>(45</strong></span> <span class='ocrx_word' id='word_1_18' title='bbox 947 386 1029 415; x_wconf 81' lang='lat' dir='ltr'><strong>ant.</strong></span> <span class='ocrx_word' id='word_1_19' title='bbox 1052 375 1143 415; x_wconf 89' lang='lat' dir='ltr'><strong>Chr.</strong></span> <span class='ocrx_word' id='word_1_20' title='bbox 1162 377 1230 426; x_wconf 90' lang='lat' dir='ltr'><strong>n.)</strong></span> <span class='ocrx_word' id='word_1_21' title='bbox 1254 373 1368 412; x_wconf 86' lang='lat' dir='ltr'><strong>idem</strong></span> <span class='ocrx_word' id='word_1_22' title='bbox 1395 372 1634 435; x_wconf 56' lang='lat' dir='ltr'><strong>inveneram</strong></span> 
     </span>
     <span class='ocr_line' id='line_1_4' title="bbox 180 425 1632 484; baseline -0.004 -13"><span class='ocrx_word' id='word_1_23' title='bbox 180 434 403 478; x_wconf 81' lang='lat' dir='ltr'><strong>solstitium</strong></span> <span class='ocrx_word' id='word_1_24' title='bbox 421 446 517 471; x_wconf 86' lang='lat' dir='ltr'><strong>vero</strong></span> <span class='ocrx_word' id='word_1_25' title='bbox 541 431 576 479; x_wconf 86' lang='lat' dir='ltr'><strong>d.</strong></span> <span class='ocrx_word' id='word_1_26' title='bbox 586 446 648 484; x_wconf 76' lang='lat'><strong>24</strong></span> <span class='ocrx_word' id='word_1_27' title='bbox 669 437 765 476; x_wconf 84' lang='lat' dir='ltr'><strong>Jun.</strong></span> <span class='ocrx_word' id='word_1_28' title='bbox 788 448 811 472; x_wconf 90' lang='lat' dir='ltr'><strong>a</strong></span> <span class='ocrx_word' id='word_1_29' title='bbox 832 425 1006 470; x_wconf 80' lang='lat' dir='ltr'><strong>meiidie</strong></span> <span class='ocrx_word' id='word_1_30' title='bbox 1027 432 1127 470; x_wconf 89' lang='lat' dir='ltr'><strong>hora</strong></span> <span class='ocrx_word' id='word_1_31' title='bbox 1147 434 1182 469; x_wconf 82' lang='lat'><strong>5.</strong></span> <span class='ocrx_word' id='word_1_32' title='bbox 1238 429 1347 468; x_wconf 89' lang='lat' dir='ltr'><strong>Hinc</strong></span> <span class='ocrx_word' id='word_1_33' title='bbox 1367 438 1558 481; x_wconf 77' lang='lat' dir='ltr'><strong>apparet,</strong></span> <span class='ocrx_word' id='word_1_34' title='bbox 1587 426 1632 464; x_wconf 87' lang='lat' dir='ltr'><strong>in</strong></span> 
     </span>
     <span class='ocr_line' id='line_1_5' title="bbox 179 482 1633 534; baseline -0.005 -6.99"><span class='ocrx_word' id='word_1_35' title='bbox 179 488 345 527; x_wconf 78' lang='lat' dir='ltr'><strong>scholiis</strong></span> <span class='ocrx_word' id='word_1_36' title='bbox 378 487 610 527; x_wconf 74' lang='lat' dir='ltr'>Germanici</span> <span class='ocrx_word' id='word_1_37' title='bbox 648 502 743 528; x_wconf 86' lang='lat' dir='ltr'><strong>cum</strong></span> <span class='ocrx_word' id='word_1_38' title='bbox 780 487 928 528; x_wconf 78' lang='lat' dir='ltr'><strong>Plinio</strong></span> <span class='ocrx_word' id='word_1_39' title='bbox 952 501 1003 526; x_wconf 86' lang='lat' dir='ltr'><strong>ex</strong></span> <span class='ocrx_word' id='word_1_40' title='bbox 1039 485 1135 525; x_wconf 83' lang='lat' dir='ltr'><strong>rudi</strong></span> <span class='ocrx_word' id='word_1_41' title='bbox 1172 484 1461 525; x_wconf 71' lang='lat' dir='ltr'><strong>observatione</strong></span> <span class='ocrx_word' id='word_1_42' title='bbox 1490 482 1633 534; x_wconf 81' lang='lat' dir='ltr'><strong>aequi-</strong></span> 
     </span>
     <span class='ocr_line' id='line_1_6' title="bbox 179 538 1631 588; baseline -0.003 -8"><span class='ocrx_word' id='word_1_43' title='bbox 179 542 366 582; x_wconf 77' lang='lat' dir='ltr'><strong>noctium</strong></span> <span class='ocrx_word' id='word_1_44' title='bbox 385 543 422 583; x_wconf 91' lang='lat' dir='ltr'><strong>d.</strong></span> <span class='ocrx_word' id='word_1_45' title='bbox 448 546 496 581; x_wconf 74' lang='lat'><strong>25</strong></span> <span class='ocrx_word' id='word_1_46' title='bbox 517 546 640 583; x_wconf 88' lang='lat' dir='ltr'><strong>Mart.</strong></span> <span class='ocrx_word' id='word_1_47' title='bbox 658 544 949 588; x_wconf 87' lang='lat' dir='ltr'><strong>constitutum,</strong></span> <span class='ocrx_word' id='word_1_48' title='bbox 976 541 1151 581; x_wconf 87' lang='lat' dir='ltr'><strong>solstitia</strong></span> <span class='ocrx_word' id='word_1_49' title='bbox 1167 551 1318 583; x_wconf 84' lang='lat' dir='ltr'><strong>autem</strong></span> <span class='ocrx_word' id='word_1_50' title='bbox 1350 538 1580 579; x_wconf 82' lang='lat' dir='ltr'><strong>accuratius</strong></span> <span class='ocrx_word' id='word_1_51' title='bbox 1608 551 1631 576; x_wconf 86' lang='lat' dir='ltr'><strong>a</strong></span> 
     </span>
     <span class='ocr_line' id='line_1_7' title="bbox 176 593 1629 649; baseline -0.003 -15"><span class='ocrx_word' id='word_1_52' title='bbox 176 610 203 634; x_wconf 79' lang='lat' dir='ltr'>v</span> <span class='ocrx_word' id='word_1_53' title='bbox 205 597 386 641; x_wconf 79' lang='lat' dir='ltr'><strong>eteribus</strong></span> <span class='ocrx_word' id='word_1_54' title='bbox 404 599 618 638; x_wconf 80' lang='lat' dir='ltr'><strong>obseivata</strong></span> <span class='ocrx_word' id='word_1_55' title='bbox 637 610 685 638; x_wconf 82' lang='lat' dir='ltr'><strong>ac</strong></span> <span class='ocrx_word' id='word_1_56' title='bbox 706 595 874 637; x_wconf 81' lang='lat' dir='ltr'><strong>definita</strong></span> <span class='ocrx_word' id='word_1_57' title='bbox 898 602 1003 643; x_wconf 82' lang='lat' dir='ltr'><strong>esse,</strong></span> <span class='ocrx_word' id='word_1_58' title='bbox 1034 596 1079 635; x_wconf 88' lang='lat' dir='ltr'><strong>id</strong></span> <span class='ocrx_word' id='word_1_59' title='bbox 1098 596 1213 649; x_wconf 91' lang='lat' dir='ltr'><strong>quod</strong></span> <span class='ocrx_word' id='word_1_60' title='bbox 1232 610 1282 634; x_wconf 85' lang='lat' dir='ltr'><strong>ex</strong></span> <span class='ocrx_word' id='word_1_61' title='bbox 1300 594 1543 647; x_wconf 77' lang='lat' dir='ltr'><strong>imperfecta</strong></span> <span class='ocrx_word' id='word_1_62' title='bbox 1558 593 1629 631; x_wconf 84' lang='lat' dir='ltr'><strong>illa</strong></span> 
     </span>
     <span class='ocr_line' id='line_1_8' title="bbox 179 645 1632 705; baseline -0.003 -14"><span class='ocrx_word' id='word_1_63' title='bbox 179 645 426 693; x_wconf 80' lang='lat' dir='ltr'><strong>observandi</strong></span> <span class='ocrx_word' id='word_1_64' title='bbox 456 654 636 700; x_wconf 85' lang='lat' dir='ltr'><strong>ratione,</strong></span> <span class='ocrx_word' id='word_1_65' title='bbox 681 654 1154 705; x_wconf 82' lang='lat' dir='ltr'><strong>instrumentorumque·</strong></span> <span class='ocrx_word' id='word_1_66' title='bbox 1161 661 1362 692; x_wconf 79' lang='lat' dir='ltr'>structura</span> <span class='ocrx_word' id='word_1_67' title='bbox 1389 650 1513 690; x_wconf 81' lang='lat' dir='ltr'><strong>facile</strong></span> <span class='ocrx_word' id='word_1_68' title='bbox 1549 648 1632 688; x_wconf 87' lang='lat' dir='ltr'><strong>col-</strong></span> 
     </span>
     <span class='ocr_line' id='line_1_9' title="bbox 176 704 1665 762; baseline -0.003 -17"><span class='ocrx_word' id='word_1_69' title='bbox 176 707 252 762; x_wconf 78' lang='lat' dir='ltr'><strong>ligi</strong></span> <span class='ocrx_word' id='word_1_70' title='bbox 283 720 428 761; x_wconf 84' lang='lat' dir='ltr'><strong>potest.</strong></span> <span class='ocrx_word' id='word_1_71' title='bbox 510 709 621 749; x_wconf 90' lang='lat' dir='ltr'><strong>Hinc</strong></span> <span class='ocrx_word' id='word_1_72' title='bbox 656 709 764 748; x_wconf 87' lang='lat' dir='ltr'><strong>varia</strong></span> <span class='ocrx_word' id='word_1_73' title='bbox 800 709 875 748; x_wconf 85' lang='lat' dir='ltr'><strong>ista</strong></span> <span class='ocrx_word' id='word_1_74' title='bbox 909 707 1165 760; x_wconf 75' lang='lat' dir='ltr'>aequinoctii</span> <span class='ocrx_word' id='word_1_75' title='bbox 1193 705 1384 748; x_wconf 79' lang='lat' dir='ltr'>autumni</span> <span class='ocrx_word' id='word_1_76' title='bbox 1413 704 1630 749; x_wconf 81' lang='lat' dir='ltr'><strong>indicatio,</strong></span> <span class='ocrx_word' id='word_1_77' title='bbox 1661 752 1665 755; x_wconf 20' lang='lat' dir='ltr'><strong>q</strong></span> 
     </span>
     <span class='ocr_line' id='line_1_10' title="bbox 177 757 1631 817; baseline -0.004 -14.88"><span class='ocrx_word' id='word_1_78' title='bbox 177 776 299 815; x_wconf 86' lang='lat' dir='ltr'><strong>quam</strong></span> <span class='ocrx_word' id='word_1_79' title='bbox 319 764 433 804; x_wconf 85' lang='lat' dir='ltr'><strong>idem</strong></span> <span class='ocrx_word' id='word_1_80' title='bbox 453 765 688 804; x_wconf 77' lang='lat' dir='ltr'><strong>scholiastes</strong></span> <span class='ocrx_word' id='word_1_81' title='bbox 706 779 757 803; x_wconf 82' lang='lat' dir='ltr'><strong>ex</strong></span> <span class='ocrx_word' id='word_1_82' title='bbox 775 764 909 805; x_wconf 86' lang='lat' dir='ltr'><strong>Plinio</strong></span> <span class='ocrx_word' id='word_1_83' title='bbox 926 763 1043 804; x_wconf 82' lang='lat' dir='ltr'>addit</span> <span class='ocrx_word' id='word_1_84' title='bbox 1062 766 1183 817; x_wconf 87' lang='lat' dir='ltr'><strong>(pag.</strong></span> <span class='ocrx_word' id='word_1_85' title='bbox 1206 777 1223 801; x_wconf 83' lang='lat'>1</span> <span class='ocrx_word' id='word_1_86' title='bbox 1236 763 1312 811; x_wconf 87' lang='lat'><strong>15)</strong></span> <span class='ocrx_word' id='word_1_87' title='bbox 1330 760 1391 800; x_wconf 88' lang='lat' dir='ltr'><strong>his</strong></span> <span class='ocrx_word' id='word_1_88' title='bbox 1411 759 1549 802; x_wconf 76' lang='lat' dir='ltr'><strong>veihis</strong></span> <span class='ocrx_word' id='word_1_89' title='bbox 1568 757 1631 808; x_wconf 69' lang='lat'><strong>¹&#39;).</strong></span> 
     </span>
     <span class='ocr_line' id='line_1_11' title="bbox 176 776 1632 875; baseline -0.004 -16"><span class='ocrx_word' id='word_1_90' title='bbox 176 776 328 860; x_wconf 71' lang='lat' dir='ltr'><strong>qDeinde</strong></span> <span class='ocrx_word' id='word_1_91' title='bbox 347 819 429 860; x_wconf 83' lang='grc' dir='ltr'><strong>ΙΙΙ</strong></span> <span class='ocrx_word' id='word_1_92' title='bbox 439 817 537 861; x_wconf 80' lang='lat' dir='ltr'><strong>Idus</strong></span> <span class='ocrx_word' id='word_1_93' title='bbox 552 819 766 883; x_wconf 82' lang='lat' dir='ltr'><em>Vergiliae</em></span> <span class='ocrx_word' id='word_1_94' title='bbox 775 817 964 860; x_wconf 80' lang='lat' dir='ltr'><strong>occidunt.</strong></span> <span class='ocrx_word' id='word_1_95' title='bbox 1022 818 1206 859; x_wconf 81' lang='lat' dir='ltr'><strong>occasum</strong></span> <span class='ocrx_word' id='word_1_96' title='bbox 1230 818 1466 857; x_wconf 84' lang='lat' dir='ltr'><strong>matutinum</strong></span> <span class='ocrx_word' id='word_1_97' title='bbox 1489 812 1539 853; x_wconf 85' lang='lat' dir='ltr'><em>V</em></span> <span class='ocrx_word' id='word_1_98' title='bbox 1532 827 1632 868; x_wconf 82' lang='lat' dir='ltr'><strong>ergt</strong></span> 
     </span>
    </p>
   </div>
   <div class='ocr_carea' id='block_1_3' title="bbox 173 868 1634 1031">
    <p class='ocr_par' dir='ltr' id='par_1_3' title="bbox 173 868 1634 1031">
     <span class='ocr_line' id='line_1_12' title="bbox 175 868 1632 929; baseline -0.005 -15"><span class='ocrx_word' id='word_1_99' title='bbox 175 872 322 915; x_wconf 72' lang='lat' dir='ltr'><strong>liar-um</strong></span> <span class='ocrx_word' id='word_1_100' title='bbox 356 871 550 916; x_wconf 73' lang='lat' dir='ltr'><strong>Hesiodus</strong></span> <span class='ocrx_word' id='word_1_101' title='bbox 574 871 707 922; x_wconf 60' lang='lat' dir='ltr'><strong>(nam</strong></span> <span class='ocrx_word' id='word_1_102' title='bbox 741 871 858 913; x_wconf 75' lang='lat' dir='ltr'><strong>huius</strong></span> <span class='ocrx_word' id='word_1_103' title='bbox 877 885 1022 929; x_wconf 80' lang='lat' dir='ltr'><strong>quoque</strong></span> <span class='ocrx_word' id='word_1_104' title='bbox 1048 873 1199 912; x_wconf 84' lang='lat' dir='ltr'><strong>nomine</strong></span> <span class='ocrx_word' id='word_1_105' title='bbox 1227 880 1357 911; x_wconf 77' lang='lat' dir='ltr'><strong>exstat</strong></span> <span class='ocrx_word' id='word_1_106' title='bbox 1381 868 1530 910; x_wconf 75' lang='lat' dir='ltr'><strong>astrata</strong></span> <span class='ocrx_word' id='word_1_107' title='bbox 1558 869 1632 918; x_wconf 86' lang='lat' dir='ltr'><strong>ia)</strong></span> 
     </span>
     <span class='ocr_line' id='line_1_13' title="bbox 174 921 1634 974; baseline -0.004 -7"><span class='ocrx_word' id='word_1_108' title='bbox 174 925 341 967; x_wconf 72' lang='lat' dir='ltr'><strong>tradidi.-</strong></span> <span class='ocrx_word' id='word_1_109' title='bbox 350 928 464 974; x_wconf 82' lang='lat' dir='ltr'><strong>fieri,</strong></span> <span class='ocrx_word' id='word_1_110' title='bbox 483 938 579 963; x_wconf 82' lang='lat' dir='ltr'><strong>cum</strong></span> <span class='ocrx_word' id='word_1_111' title='bbox 595 937 641 962; x_wconf 81' lang='lat' dir='ltr'><strong>ae</strong></span> <span class='ocrx_word' id='word_1_112' title='bbox 665 926 879 964; x_wconf 71' lang='lat' dir='ltr'><strong>uince-tium</strong></span> <span class='ocrx_word' id='word_1_113' title='bbox 892 926 1076 963; x_wconf 70' lang='lat' dir='ltr'><strong>autumni</strong></span> <span class='ocrx_word' id='word_1_114' title='bbox 1090 925 1360 973; x_wconf 77' lang='lat' dir='ltr'><strong>conficeretur,</strong></span> <span class='ocrx_word' id='word_1_115' title='bbox 1416 922 1505 962; x_wconf 77' lang='lat' dir='ltr'><strong>uod</strong></span> <span class='ocrx_word' id='word_1_116' title='bbox 1557 921 1584 961; x_wconf 79' lang='lat' dir='ltr'><em>h</em></span> <span class='ocrx_word' id='word_1_117' title='bbox 1594 936 1634 961; x_wconf 76' lang='lat' dir='ltr'><strong>a·</strong></span> 
     </span>
     <span class='ocr_line' id='line_1_14' title="bbox 173 973 1629 1031; baseline -0.002 -12"><span class='ocrx_word' id='word_1_118' title='bbox 173 978 243 1019; x_wconf 78' lang='lat' dir='ltr'><strong>les</strong></span> <span class='ocrx_word' id='word_1_119' title='bbox 271 980 389 1015; x_wconf 81' lang='lat' dir='ltr'><strong>XXV</strong></span> <span class='ocrx_word' id='word_1_120' title='bbox 411 975 471 1016; x_wconf 85' lang='lat' dir='ltr'><strong>die</strong></span> <span class='ocrx_word' id='word_1_121' title='bbox 494 973 543 1016; x_wconf 78' lang='lat' dir='ltr'><strong>ab</strong></span> <span class='ocrx_word' id='word_1_122' title='bbox 568 977 830 1031; x_wconf 62' lang='lat' dir='ltr'><strong>aequInoc‘tim</strong></span> <span class='ocrx_word' id='word_1_123' title='bbox 863 974 1256 1016; x_wconf 74' lang='lat' dir='ltr'><strong>Anaximander</strong></span> <span class='ocrx_word' id='word_1_124' title='bbox 1283 974 1392 1015; x_wconf 89' lang='lat' dir='ltr'><strong>XXI</strong></span> <span class='ocrx_word' id='word_1_125' title='bbox 1484 976 1629 1016; x_wconf 84' lang='lat' dir='ltr'><strong>Eucte-</strong></span> 
     </span>
    </p>
   </div>
   <div class='ocr_carea' id='block_1_4' title="bbox 138 1006 1670 1949">
    <p class='ocr_par' dir='ltr' id='par_1_4' title="bbox 138 1006 1670 1949">
     <span class='ocr_line' id='line_1_15' title="bbox 174 1006 1628 1076; baseline -0.001 -3"><span class='ocrx_word' id='word_1_126' title='bbox 174 1024 264 1073; x_wconf 67' lang='lat' dir='ltr'><strong>mein</strong></span> <span class='ocrx_word' id='word_1_127' title='bbox 304 1030 534 1076; x_wconf 89' lang='lat' dir='ltr'><em>XLVIII,</em></span> <span class='ocrx_word' id='word_1_128' title='bbox 566 1043 637 1070; x_wconf 88' lang='lat' dir='ltr'><strong>nos</strong></span> <span class='ocrx_word' id='word_1_129' title='bbox 672 1040 799 1070; x_wconf 80' lang='lat' dir='ltr'><strong>autem</strong></span> <span class='ocrx_word' id='word_1_130' title='bbox 817 1056 829 1075; x_wconf 86' lang='lat'>,</span> <span class='ocrx_word' id='word_1_131' title='bbox 869 1043 908 1070; x_wconf 87' lang='lat' dir='ltr'><strong>se</strong></span> <span class='ocrx_word' id='word_1_132' title='bbox 934 1040 1063 1070; x_wconf 78' lang='lat' dir='ltr'><strong>uenter</strong></span> <span class='ocrx_word' id='word_1_133' title='bbox 1086 1028 1395 1071; x_wconf 80' lang='lat' dir='ltr'><strong>observationem</strong></span> <span class='ocrx_word' id='word_1_134' title='bbox 1437 1006 1628 1073; x_wconf 60' lang='lat' dir='ltr'><strong>’Caesarin</strong></span> 
     </span>
     <span class='ocr_line' id='line_1_16' title="bbox 175 1079 1627 1148; baseline -0.002 -22"><span class='ocrx_word' id='word_1_135' title='bbox 175 1085 302 1127; x_wconf 78' lang='lat' dir='ltr'><strong>XLV</strong></span> <span class='ocrx_word' id='word_1_136' title='bbox 317 1084 378 1125; x_wconf 87' lang='lat' dir='ltr'><strong>die</strong></span> <span class='ocrx_word' id='word_1_137' title='bbox 392 1083 440 1125; x_wconf 86' lang='lat' dir='ltr'><strong>ab</strong></span> <span class='ocrx_word' id='word_1_138' title='bbox 460 1085 703 1148; x_wconf 68' lang='lat' dir='ltr'><strong>aequinoctio</strong></span> <span class='ocrx_word' id='word_1_139' title='bbox 711 1082 878 1124; x_wconf 76' lang='lat' dir='ltr'><strong>dicimus</strong></span> <span class='ocrx_word' id='word_1_140' title='bbox 921 1079 988 1124; x_wconf 75' lang='lat' dir='ltr'><strong>er&#39;t‘.</strong></span> <span class='ocrx_word' id='word_1_141' title='bbox 1029 1081 1071 1123; x_wconf 84' lang='lat' dir='ltr'><strong>&#39;Si</strong></span> <span class='ocrx_word' id='word_1_142' title='bbox 1091 1085 1142 1123; x_wconf 87' lang='lat' dir='ltr'><strong>ad</strong></span> <span class='ocrx_word' id='word_1_143' title='bbox 1161 1086 1367 1124; x_wconf 84' lang='lat' dir='ltr'><strong>calculum</strong></span> <span class='ocrx_word' id='word_1_144' title='bbox 1389 1096 1428 1123; x_wconf 85' lang='lat' dir='ltr'><strong>et</strong></span> <span class='ocrx_word' id='word_1_145' title='bbox 1445 1084 1627 1137; x_wconf 69' lang='lat' dir='ltr'><strong>zationes</strong></span> 
     </span>
     <span class='ocr_line' id='line_1_17' title="bbox 171 1139 1625 1194; baseline -0.001 -13"><span class='ocrx_word' id='word_1_146' title='bbox 171 1141 465 1182; x_wconf 81' lang='lat' dir='ltr'><strong>astronomicas</strong></span> <span class='ocrx_word' id='word_1_147' title='bbox 492 1139 755 1193; x_wconf 85' lang='lat' dir='ltr'><strong>respicimus,</strong></span> <span class='ocrx_word' id='word_1_148' title='bbox 784 1150 870 1180; x_wconf 84' lang='lat' dir='ltr'><strong>erat</strong></span> <span class='ocrx_word' id='word_1_149' title='bbox 897 1139 1210 1192; x_wconf 80' lang='lat' dir='ltr'><strong>aequinoctium</strong></span> <span class='ocrx_word' id='word_1_150' title='bbox 1237 1139 1410 1180; x_wconf 86' lang='lat' dir='ltr'><strong>Hesiodi</strong></span> <span class='ocrx_word' id='word_1_151' title='bbox 1438 1151 1625 1194; x_wconf 87' lang='lat' dir='ltr'><strong>tempore</strong></span> 
     </span>
     <span class='ocr_line' id='line_1_18' title="bbox 172 1196 1624 1251; baseline 0 -16"><span class='ocrx_word' id='word_1_152' title='bbox 172 1210 244 1235; x_wconf 89' lang='lat' dir='ltr'><strong>seu</strong></span> <span class='ocrx_word' id='word_1_153' title='bbox 265 1201 342 1244; x_wconf 84' lang='lat'><strong>750</strong></span> <span class='ocrx_word' id='word_1_154' title='bbox 364 1208 493 1234; x_wconf 81' lang='lat' dir='ltr'><strong>annos</strong></span> <span class='ocrx_word' id='word_1_155' title='bbox 519 1206 600 1234; x_wconf 88' lang='lat' dir='ltr'><strong>ant.</strong></span> <span class='ocrx_word' id='word_1_156' title='bbox 629 1197 722 1234; x_wconf 86' lang='lat' dir='ltr'><strong>Chr.</strong></span> <span class='ocrx_word' id='word_1_157' title='bbox 745 1210 786 1234; x_wconf 86' lang='lat' dir='ltr'><strong>n.</strong></span> <span class='ocrx_word' id='word_1_158' title='bbox 810 1196 1038 1234; x_wconf 85' lang='lat' dir='ltr'><strong>secundum</strong></span> <span class='ocrx_word' id='word_1_159' title='bbox 1064 1196 1226 1235; x_wconf 88' lang='lat' dir='ltr'><strong>tabulas</strong></span> <span class='ocrx_word' id='word_1_160' title='bbox 1251 1196 1476 1251; x_wconf 81' lang='lat' dir='ltr'><strong>Zachianas</strong></span> <span class='ocrx_word' id='word_1_161' title='bbox 1503 1197 1542 1236; x_wconf 90' lang='lat' dir='ltr'><strong>d.</strong></span> <span class='ocrx_word' id='word_1_162' title='bbox 1571 1201 1624 1235; x_wconf 81' lang='lat'><strong>30</strong></span> 
     </span>
     <span class='ocr_line' id='line_1_19' title="bbox 174 1247 1626 1303; baseline -0.001 -13"><span class='ocrx_word' id='word_1_163' title='bbox 174 1250 404 1303; x_wconf 73' lang='lat' dir='ltr'><strong>septembr.</strong></span> <span class='ocrx_word' id='word_1_164' title='bbox 416 1279 425 1296; x_wconf 92' lang='lat'>,</span> <span class='ocrx_word' id='word_1_165' title='bbox 465 1249 540 1291; x_wconf 86' lang='lat' dir='ltr'><strong>ubi</strong></span> <span class='ocrx_word' id='word_1_166' title='bbox 557 1250 628 1297; x_wconf 70' lang='lat' dir='ltr'><strong>Sol</strong></span> <span class='ocrx_word' id='word_1_167' title='bbox 646 1249 858 1290; x_wconf 82' lang='lat' dir='ltr'><strong>oriebatur</strong></span> <span class='ocrx_word' id='word_1_168' title='bbox 875 1247 944 1296; x_wconf 73' lang='lat'><strong>6¹³,</strong></span> <span class='ocrx_word' id='word_1_169' title='bbox 977 1263 992 1288; x_wconf 83' lang='grc' dir='ltr'><strong>ι</strong></span> <span class='ocrx_word' id='word_1_170' title='bbox 1007 1253 1062 1296; x_wconf 81' lang='grc' dir='ltr'><strong>ι’,</strong></span> <span class='ocrx_word' id='word_1_171' title='bbox 1119 1261 1244 1303; x_wconf 89' lang='lat' dir='ltr'><strong>atque</strong></span> <span class='ocrx_word' id='word_1_172' title='bbox 1272 1264 1438 1289; x_wconf 79' lang='lat' dir='ltr'><strong>occasus</strong></span> <span class='ocrx_word' id='word_1_173' title='bbox 1460 1252 1626 1291; x_wconf 82' lang='lat' dir='ltr'><strong>matuti-</strong></span> 
     </span>
     <span class='ocr_line' id='line_1_20' title="bbox 171 1298 1629 1358; baseline 0.002 -14"><span class='ocrx_word' id='word_1_174' title='bbox 171 1313 247 1344; x_wconf 83' lang='lat' dir='ltr'><strong>n&#39;us</strong></span> <span class='ocrx_word' id='word_1_175' title='bbox 267 1322 287 1353; x_wconf 79' lang='grc' dir='ltr'><em>η</em></span> <span class='ocrx_word' id='word_1_176' title='bbox 306 1305 521 1344; x_wconf 85' lang='lat' dir='ltr'><strong>Pleiadum</strong></span> <span class='ocrx_word' id='word_1_177' title='bbox 543 1298 692 1344; x_wconf 84' lang='lat' dir='ltr'><strong>eodem</strong></span> <span class='ocrx_word' id='word_1_178' title='bbox 713 1306 782 1344; x_wconf 86' lang='lat' dir='ltr'><strong>die</strong></span> <span class='ocrx_word' id='word_1_179' title='bbox 800 1303 848 1354; x_wconf 75' lang='lat'><strong>7¹¹</strong></span> <span class='ocrx_word' id='word_1_180' title='bbox 867 1311 937 1357; x_wconf 75' lang='lat'><strong>49&#39;</strong></span> <span class='ocrx_word' id='word_1_181' title='bbox 954 1305 1032 1344; x_wconf 86' lang='lat' dir='ltr'><strong>sub</strong></span> <span class='ocrx_word' id='word_1_182' title='bbox 1054 1306 1286 1348; x_wconf 80' lang='lat' dir='ltr'><strong>elevatione</strong></span> <span class='ocrx_word' id='word_1_183' title='bbox 1302 1307 1391 1358; x_wconf 91' lang='lat' dir='ltr'><strong>poli</strong></span> <span class='ocrx_word' id='word_1_184' title='bbox 1414 1308 1505 1355; x_wconf 65' lang='lat'>333⁰.</span> <span class='ocrx_word' id='word_1_185' title='bbox 1549 1308 1629 1347; x_wconf 85' lang='lat' dir='ltr'><strong>Oc·</strong></span> 
     </span>
     <span class='ocr_line' id='line_1_21' title="bbox 172 1358 1625 1425; baseline 0.001 -27"><span class='ocrx_word' id='word_1_186' title='bbox 172 1359 368 1398; x_wconf 84' lang='lat' dir='ltr'><strong>cidebat</strong></span> <span class='ocrx_word' id='word_1_187' title='bbox 356 1359 483 1414; x_wconf 81' lang='lat' dir='ltr'><strong>igitur</strong></span> <span class='ocrx_word' id='word_1_188' title='bbox 498 1360 629 1400; x_wconf 87' lang='lat' dir='ltr'><strong>Pleias</strong></span> <span class='ocrx_word' id='word_1_189' title='bbox 656 1358 719 1405; x_wconf 75' lang='lat'>1¹¹,</span> <span class='ocrx_word' id='word_1_190' title='bbox 752 1364 821 1398; x_wconf 83' lang='lat'><strong>38¹</strong></span> <span class='ocrx_word' id='word_1_191' title='bbox 839 1370 933 1413; x_wconf 83' lang='lat' dir='ltr'><strong>post</strong></span> <span class='ocrx_word' id='word_1_192' title='bbox 949 1360 1054 1400; x_wconf 86' lang='lat' dir='ltr'><strong>Solis</strong></span> <span class='ocrx_word' id='word_1_193' title='bbox 1072 1373 1232 1406; x_wconf 87' lang='lat' dir='ltr'><strong>ortum,</strong></span> <span class='ocrx_word' id='word_1_194' title='bbox 1264 1363 1350 1406; x_wconf 87' lang='lat' dir='ltr'><strong>vel,</strong></span> <span class='ocrx_word' id='word_1_195' title='bbox 1381 1362 1494 1425; x_wconf 81' lang='lat' dir='ltr'><strong>quod</strong></span> <span class='ocrx_word' id='word_1_196' title='bbox 1512 1362 1625 1400; x_wconf 85' lang='lat' dir='ltr'><strong>idem</strong></span> 
     </span>
     <span class='ocr_line' id='line_1_22' title="bbox 171 1415 1626 1472; baseline 0.001 -18"><span class='ocrx_word' id='word_1_197' title='bbox 171 1426 252 1460; x_wconf 83' lang='lat' dir='ltr'><strong>est,</strong></span> <span class='ocrx_word' id='word_1_198' title='bbox 283 1415 613 1471; x_wconf 73' lang='lat' dir='ltr'><strong>conspiciebatur</strong></span> <span class='ocrx_word' id='word_1_199' title='bbox 642 1415 695 1455; x_wconf 84' lang='lat' dir='ltr'><strong>ab</strong></span> <span class='ocrx_word' id='word_1_200' title='bbox 727 1415 911 1461; x_wconf 82' lang='lat' dir='ltr'><strong>Hesiodo</strong></span> <span class='ocrx_word' id='word_1_201' title='bbox 936 1416 1159 1456; x_wconf 77' lang='lat' dir='ltr'><strong>matutino</strong></span> <span class='ocrx_word' id='word_1_202' title='bbox 1171 1426 1360 1470; x_wconf 88' lang='lat' dir='ltr'><strong>tempore</strong></span> <span class='ocrx_word' id='word_1_203' title='bbox 1382 1416 1427 1455; x_wconf 89' lang='lat' dir='ltr'><strong>in</strong></span> <span class='ocrx_word' id='word_1_204' title='bbox 1454 1416 1626 1472; x_wconf 79' lang='lat' dir='ltr'><strong>regione</strong></span> 
     </span>
     <span class='ocr_line' id='line_1_23' title="bbox 171 1468 1623 1533; baseline 0.001 -24"><span class='ocrx_word' id='word_1_205' title='bbox 171 1471 273 1509; x_wconf 82' lang='lat' dir='ltr'><strong>caeli</strong></span> <span class='ocrx_word' id='word_1_206' title='bbox 296 1468 545 1509; x_wconf 84' lang='lat' dir='ltr'><strong>occidentali</strong></span> <span class='ocrx_word' id='word_1_207' title='bbox 576 1481 670 1509; x_wconf 86' lang='lat' dir='ltr'><strong>ante</strong></span> <span class='ocrx_word' id='word_1_208' title='bbox 694 1471 799 1510; x_wconf 87' lang='lat' dir='ltr'><strong>Solis</strong></span> <span class='ocrx_word' id='word_1_209' title='bbox 825 1483 984 1515; x_wconf 85' lang='lat' dir='ltr'><strong>ortum,</strong></span> <span class='ocrx_word' id='word_1_210' title='bbox 1015 1472 1090 1510; x_wconf 86' lang='lat' dir='ltr'><strong>etsi</strong></span> <span class='ocrx_word' id='word_1_211' title='bbox 1112 1482 1195 1510; x_wconf 83' lang='grc' dir='ltr'>ιιοιι</span> <span class='ocrx_word' id='word_1_212' title='bbox 1216 1472 1260 1509; x_wconf 89' lang='lat' dir='ltr'><strong>in</strong></span> <span class='ocrx_word' id='word_1_213' title='bbox 1283 1472 1373 1533; x_wconf 84' lang='lat' dir='ltr'><strong>ipso</strong></span> <span class='ocrx_word' id='word_1_214' title='bbox 1393 1473 1623 1512; x_wconf 85' lang='lat' dir='ltr'><strong>horizonte.</strong></span> 
     </span>
     <span class='ocr_line' id='line_1_24' title="bbox 170 1522 1625 1591; baseline 0.001 -27"><span class='ocrx_word' id='word_1_215' title='bbox 170 1525 356 1565; x_wconf 86' lang='lat' dir='ltr'><strong>Thaletis</strong></span> <span class='ocrx_word' id='word_1_216' title='bbox 384 1533 569 1578; x_wconf 78' lang='lat' dir='ltr'><strong>tempore</strong></span> <span class='ocrx_word' id='word_1_217' title='bbox 591 1539 663 1565; x_wconf 85' lang='lat' dir='ltr'><strong>seu</strong></span> <span class='ocrx_word' id='word_1_218' title='bbox 684 1526 767 1564; x_wconf 83' lang='lat'><strong>600</strong></span> <span class='ocrx_word' id='word_1_219' title='bbox 785 1539 913 1565; x_wconf 88' lang='lat' dir='ltr'><strong>annos</strong></span> <span class='ocrx_word' id='word_1_220' title='bbox 932 1536 1027 1564; x_wconf 90' lang='lat' dir='ltr'><strong>ante</strong></span> <span class='ocrx_word' id='word_1_221' title='bbox 1051 1522 1143 1566; x_wconf 85' lang='lat' dir='ltr'><strong>Chr.</strong></span> <span class='ocrx_word' id='word_1_222' title='bbox 1162 1540 1199 1565; x_wconf 87' lang='grc' dir='ltr'><strong>ιι</strong></span> <span class='ocrx_word' id='word_1_223' title='bbox 1221 1527 1532 1591; x_wconf 84' lang='lat' dir='ltr'><strong>aequinoctium</strong></span> <span class='ocrx_word' id='word_1_224' title='bbox 1556 1541 1625 1566; x_wconf 87' lang='lat' dir='ltr'><strong>au·</strong></span> 
     </span>
     <span class='ocr_line' id='line_1_25' title="bbox 168 1577 1625 1645; baseline 0.001 -26"><span class='ocrx_word' id='word_1_225' title='bbox 168 1581 302 1619; x_wconf 83' lang='lat' dir='ltr'><strong>tumni</strong></span> <span class='ocrx_word' id='word_1_226' title='bbox 320 1580 467 1620; x_wconf 87' lang='lat' dir='ltr'><strong>eodem</strong></span> <span class='ocrx_word' id='word_1_227' title='bbox 490 1581 528 1620; x_wconf 85' lang='lat' dir='ltr'><strong>d</strong></span> <span class='ocrx_word' id='word_1_228' title='bbox 548 1584 598 1618; x_wconf 81' lang='lat'><strong>30</strong></span> <span class='ocrx_word' id='word_1_229' title='bbox 621 1577 846 1632; x_wconf 87' lang='lat' dir='ltr'><strong>Septembr.</strong></span> <span class='ocrx_word' id='word_1_230' title='bbox 875 1579 1194 1627; x_wconf 86' lang='lat' dir='ltr'><strong>conficiebatur,</strong></span> <span class='ocrx_word' id='word_1_231' title='bbox 1231 1581 1357 1636; x_wconf 83' lang='lat' dir='ltr'><strong>igitur</strong></span> <span class='ocrx_word' id='word_1_232' title='bbox 1380 1597 1525 1645; x_wconf 82' lang='lat' dir='ltr'><strong>parum</strong></span> <span class='ocrx_word' id='word_1_233' title='bbox 1547 1582 1625 1620; x_wconf 85' lang='lat' dir='ltr'><strong>dif-</strong></span> 
     </span>
     <span class='ocr_line' id='line_1_26' title="bbox 165 1634 1622 1692; baseline 0.003 -20"><span class='ocrx_word' id='word_1_234' title='bbox 165 1634 329 1679; x_wconf 72' lang='lat' dir='ltr'><strong>ferebat</strong></span> <span class='ocrx_word' id='word_1_235' title='bbox 352 1634 532 1674; x_wconf 88' lang='lat' dir='ltr'><strong>Pleiadis</strong></span> <span class='ocrx_word' id='word_1_236' title='bbox 562 1634 663 1673; x_wconf 81' lang='lat' dir='ltr'><strong>situs</strong></span> <span class='ocrx_word' id='word_1_237' title='bbox 685 1635 728 1671; x_wconf 89' lang='lat' dir='ltr'><strong>in</strong></span> <span class='ocrx_word' id='word_1_238' title='bbox 757 1637 871 1674; x_wconf 82' lang='lat' dir='ltr'><strong>caelo</strong></span> <span class='ocrx_word' id='word_1_239' title='bbox 894 1635 947 1673; x_wconf 88' lang='lat' dir='ltr'><strong>ad</strong></span> <span class='ocrx_word' id='word_1_240' title='bbox 968 1635 1240 1692; x_wconf 83' lang='lat' dir='ltr'><strong>horizontem</strong></span> <span class='ocrx_word' id='word_1_241' title='bbox 1302 1636 1461 1683; x_wconf 60' lang='lat' dir='ltr'><strong>Acriori</strong></span> <span class='ocrx_word' id='word_1_242' title='bbox 1484 1647 1622 1676; x_wconf 87' lang='lat' dir='ltr'><strong>tamen</strong></span> 
     </span>
     <span class='ocr_line' id='line_1_27' title="bbox 168 1688 1624 1744; baseline 0.003 -17"><span class='ocrx_word' id='word_1_243' title='bbox 168 1689 272 1727; x_wconf 86' lang='lat' dir='ltr'><strong>caeli</strong></span> <span class='ocrx_word' id='word_1_244' title='bbox 291 1690 581 1730; x_wconf 85' lang='lat' dir='ltr'><strong>observatione</strong></span> <span class='ocrx_word' id='word_1_245' title='bbox 598 1689 799 1730; x_wconf 83' lang='lat' dir='ltr'><strong>adductus</strong></span> <span class='ocrx_word' id='word_1_246' title='bbox 821 1700 1038 1744; x_wconf 80' lang='lat' dir='ltr'><strong>putaverat</strong></span> <span class='ocrx_word' id='word_1_247' title='bbox 1071 1689 1211 1732; x_wconf 84' lang='lat' dir='ltr'><strong>Thales</strong></span> <span class='ocrx_word' id='word_1_248' title='bbox 1234 1691 1356 1731; x_wconf 86' lang='lat' dir='ltr'><strong>huius</strong></span> <span class='ocrx_word' id='word_1_249' title='bbox 1386 1688 1530 1731; x_wconf 83' lang='lat' dir='ltr'><strong>sideris</strong></span> <span class='ocrx_word' id='word_1_250' title='bbox 1556 1705 1624 1731; x_wconf 88' lang='lat' dir='ltr'><strong>oc-</strong></span> 
     </span>
     <span class='ocr_line' id='line_1_28' title="bbox 167 1740 1620 1808; baseline 0.003 -26"><span class='ocrx_word' id='word_1_251' title='bbox 167 1756 304 1782; x_wconf 87' lang='lat' dir='ltr'><strong>casum</strong></span> <span class='ocrx_word' id='word_1_252' title='bbox 323 1746 571 1785; x_wconf 87' lang='lat' dir='ltr'><strong>matutinum</strong></span> <span class='ocrx_word' id='word_1_253' title='bbox 595 1760 678 1785; x_wconf 86' lang='lat' dir='ltr'><strong>non</strong></span> <span class='ocrx_word' id='word_1_254' title='bbox 696 1746 748 1785; x_wconf 88' lang='lat' dir='ltr'><strong>ad</strong></span> <span class='ocrx_word' id='word_1_255' title='bbox 766 1746 901 1799; x_wconf 68' lang='lat' dir='ltr'><strong>ipsu&#39;m</strong></span> <span class='ocrx_word' id='word_1_256' title='bbox 928 1745 1185 1808; x_wconf 86' lang='lat' dir='ltr'><strong>aequinoctii</strong></span> <span class='ocrx_word' id='word_1_257' title='bbox 1217 1746 1349 1786; x_wconf 87' lang='lat' dir='ltr'><strong>diem</strong></span> <span class='ocrx_word' id='word_1_258' title='bbox 1357 1740 1620 1787; x_wconf 75' lang='lat' dir='ltr'><strong>referendum</strong></span> 
     </span>
     <span class='ocr_line' id='line_1_29' title="bbox 167 1796 1619 1855; baseline 0.003 -17"><span class='ocrx_word' id='word_1_259' title='bbox 167 1812 275 1844; x_wconf 85' lang='lat' dir='ltr'><strong>esse,</strong></span> <span class='ocrx_word' id='word_1_260' title='bbox 307 1799 379 1838; x_wconf 90' lang='lat' dir='ltr'><strong>sed</strong></span> <span class='ocrx_word' id='word_1_261' title='bbox 398 1802 526 1841; x_wconf 86' lang='lat' dir='ltr'><strong>XXV.</strong></span> <span class='ocrx_word' id='word_1_262' title='bbox 545 1801 598 1842; x_wconf 89' lang='lat' dir='ltr'><strong>ab</strong></span> <span class='ocrx_word' id='word_1_263' title='bbox 618 1802 883 1854; x_wconf 89' lang='lat' dir='ltr'><strong>aequinoctio</strong></span> <span class='ocrx_word' id='word_1_264' title='bbox 904 1796 1146 1847; x_wconf 86' lang='lat' dir='ltr'><strong>accidere,&#39;</strong></span> <span class='ocrx_word' id='word_1_265' title='bbox 1134 1817 1160 1842; x_wconf 86' lang='lat'><strong>1</strong></span> <span class='ocrx_word' id='word_1_266' title='bbox 1184 1817 1214 1842; x_wconf 87' lang='lat' dir='ltr'><strong>e</strong></span> <span class='ocrx_word' id='word_1_267' title='bbox 1242 1802 1278 1842; x_wconf 89' lang='lat' dir='ltr'><strong>d.</strong></span> <span class='ocrx_word' id='word_1_268' title='bbox 1304 1805 1353 1840; x_wconf 78' lang='lat'><strong>26</strong></span> <span class='ocrx_word' id='word_1_269' title='bbox 1376 1805 1466 1843; x_wconf 88' lang='lat' dir='ltr'><strong>Oct.</strong></span> <span class='ocrx_word' id='word_1_270' title='bbox 1480 1832 1491 1849; x_wconf 90' lang='grc'><em>,</em></span> <span class='ocrx_word' id='word_1_271' title='bbox 1535 1816 1619 1855; x_wconf 90' lang='lat' dir='ltr'><strong>quo</strong></span> 
     </span>
     <span class='ocr_line' id='line_1_30' title="bbox 138 1828 1670 1949; baseline 0.003 -57"><span class='ocrx_word' id='word_1_272' title='bbox 138 1866 145 1869; x_wconf 71' lang='grc'><strong>”</strong></span> <span class='ocrx_word' id='word_1_273' title='bbox 168 1854 236 1893; x_wconf 87' lang='lat' dir='ltr'><strong>die</strong></span> <span class='ocrx_word' id='word_1_274' title='bbox 273 1849 358 1893; x_wconf 85' lang='lat' dir='ltr'><strong>sub</strong></span> <span class='ocrx_word' id='word_1_275' title='bbox 387 1857 530 1895; x_wconf 89' lang='lat' dir='ltr'><strong>eadem</strong></span> <span class='ocrx_word' id='word_1_276' title='bbox 572 1858 829 1897; x_wconf 81' lang='lat' dir='ltr'><strong>elevatione</strong></span> <span class='ocrx_word' id='word_1_277' title='bbox 843 1856 931 1909; x_wconf 89' lang='lat' dir='ltr'><strong>poli</strong></span> <span class='ocrx_word' id='word_1_278' title='bbox 968 1852 1180 1896; x_wconf 84' lang='lat' dir='ltr'><strong>oriebatur</strong></span> <span class='ocrx_word' id='word_1_279' title='bbox 1214 1860 1286 1898; x_wconf 87' lang='lat' dir='ltr'><strong>Sol</strong></span> <span class='ocrx_word' id='word_1_280' title='bbox 1309 1860 1377 1904; x_wconf 65' lang='grc' dir='ltr'><strong>δὴ,</strong></span> <span class='ocrx_word' id='word_1_281' title='bbox 1428 1863 1505 1904; x_wconf 84' lang='lat'>22‘,</span> <span class='ocrx_word' id='word_1_282' title='bbox 1555 1860 1620 1897; x_wconf 89' lang='lat' dir='ltr'><strong>vel</strong></span> <span class='ocrx_word' id='word_1_283' title='bbox 1639 1828 1670 1949; x_wconf 65' lang='lat' dir='ltr'><strong>l</strong></span> 
     </span>
    </p>
   </div>
   <div class='ocr_carea' id='block_1_5' title="bbox 168 1909 1620 2029">
    <p class='ocr_par' dir='ltr' id='par_1_5' title="bbox 168 1909 1617 2007">
     <span class='ocr_line' id='line_1_31' title="bbox 168 1909 1617 1967; baseline 0.003 -20"><span class='ocrx_word' id='word_1_284' title='bbox 168 1912 258 1967; x_wconf 62' lang='grc' dir='ltr'><strong>μ’</strong></span> <span class='ocrx_word' id='word_1_285' title='bbox 268 1909 382 1961; x_wconf 86' lang='lat' dir='ltr'><strong>prius</strong></span> <span class='ocrx_word' id='word_1_286' title='bbox 419 1912 655 1959; x_wconf 87' lang='lat' dir='ltr'><strong>occidebat,</strong></span> <span class='ocrx_word' id='word_1_287' title='bbox 707 1927 834 1966; x_wconf 88' lang='lat' dir='ltr'><strong>quam</strong></span> <span class='ocrx_word' id='word_1_288' title='bbox 859 1913 930 1952; x_wconf 90' lang='lat' dir='ltr'><strong>Sol</strong></span> <span class='ocrx_word' id='word_1_289' title='bbox 957 1909 1202 1966; x_wconf 86' lang='lat' dir='ltr'><strong>apparebat,</strong></span> <span class='ocrx_word' id='word_1_290' title='bbox 1243 1925 1284 1953; x_wconf 84' lang='lat' dir='ltr'><strong>at</strong></span> <span class='ocrx_word' id='word_1_291' title='bbox 1316 1928 1368 1952; x_wconf 90' lang='lat' dir='ltr'><strong>ue</strong></span> <span class='ocrx_word' id='word_1_292' title='bbox 1394 1923 1487 1952; x_wconf 84' lang='lat' dir='ltr'><strong>ante</strong></span> <span class='ocrx_word' id='word_1_293' title='bbox 1511 1913 1617 1952; x_wconf 88' lang='lat' dir='ltr'><strong>Solis</strong></span> 
     </span>
     <span class='ocr_line' id='line_1_32' title="bbox 1502 1981 1620 2029; baseline 0 -22"><span class='ocrx_word' id='word_1_294' title='bbox 1502 1981 1620 2029; x_wconf 84' lang='lat' dir='ltr'><strong>exor-</strong></span> 
     </span>
    </p>
   </div>
   <div class='ocr_carea' id='block_1_6' title="bbox 237 2055 1619 2138">
    <p class='ocr_par' dir='ltr' id='par_1_6' title="bbox 237 2055 1619 2126">
     <span class='ocr_line' id='line_1_33' title="bbox 237 2055 1619 2125; baseline 0.001 -38"><span class='ocrx_word' id='word_1_295' title='bbox 237 2055 268 2094; x_wconf 78' lang='lat'><strong>‘)</strong></span> <span class='ocrx_word' id='word_1_296' title='bbox 287 2057 425 2125; x_wconf 66' lang='grc' dir='ltr'>Ριίιειὶιιιί</span> <span class='ocrx_word' id='word_1_297' title='bbox 451 2069 524 2089; x_wconf 88' lang='lat' dir='ltr'><strong>cum</strong></span> <span class='ocrx_word' id='word_1_298' title='bbox 551 2061 690 2092; x_wconf 86' lang='lat' dir='ltr'><strong>Morelio</strong></span> <span class='ocrx_word' id='word_1_299' title='bbox 714 2061 821 2094; x_wconf 77' lang='lat' dir='ltr'><strong>locum</strong></span> <span class='ocrx_word' id='word_1_300' title='bbox 844 2071 884 2092; x_wconf 81' lang='lat' dir='ltr'><strong>ex</strong></span> <span class='ocrx_word' id='word_1_301' title='bbox 906 2061 1031 2099; x_wconf 83' lang='lat' dir='ltr'><strong>Plinio,</strong></span> <span class='ocrx_word' id='word_1_302' title='bbox 1066 2062 1123 2103; x_wconf 83' lang='lat' dir='ltr'><strong>qui</strong></span> <span class='ocrx_word' id='word_1_303' title='bbox 1147 2063 1181 2092; x_wconf 84' lang='grc' dir='ltr'><strong>ιἰι</strong></span> <span class='ocrx_word' id='word_1_304' title='bbox 1208 2061 1348 2103; x_wconf 74' lang='lat' dir='ltr'><strong>vulgatis</strong></span> <span class='ocrx_word' id='word_1_305' title='bbox 1381 2060 1619 2101; x_wconf 76' lang='lat' dir='ltr'><strong>corruptissime</strong></span> 
     </span>
     <span class='ocr_line' id='line_1_34' title="bbox 330 2104 444 2138; baseline 0.019 -14"><span class='ocrx_word' id='word_1_306' title='bbox 330 2104 444 2138; x_wconf 70' lang='lat' dir='ltr'>egitur,</span> 
     </span>
    </p>
   </div>
  </div>
 </body>
</html>
